
@book{OCT,
author={Drexler, W. and Fujimoto, J.},
title="Optical Coherence Tomography",
year="2008",
publisher="Springer",
isbn="9783540775492",
doi="10.1007/978-3-540-77550-8",
}


@ELECTRONIC{Dataset,
    author = {M. Goldbaum and D. Kermany and K. Zhang },
    title   = {Labeled Optical Coherence Tomography (OCT) and Chest X-Ray Images for Classification},
    url = {http://dx.doi.org/10.17632/rscbjbr9sj.2},
    date = {2018},
}



@misc{MNIST,
  author    = {D. C. Ciresan and
               U. Meier and
               J. Schmidhuber},
  title     = "Multi-column Deep Neural Networks for Image Classification",
  journal   = "CoRR",
  volume    = "abs/1202.2745",
  year      = "2012",
  archivePrefix = "arXiv",
  eprint    = "1202.2745",
}



@misc{Adam,
  author    = "{J. Ba and D. P. Kingma
               }",
  title     = "Adam: {A} Method for Stochastic Optimization",
  journal   = "CoRR",
  volume    = "abs/1412.6980",
  year      = "2014",
  archivePrefix = "arXiv",
  eprint    = "1412.6980"
}



